
@article{Shumskiy,
    title = "GPU Ray Tracing – Comparative Study of Ray-Triangle Intersection Algorithms",
    author = "Vladimir Shumskiy and Alexandre Parshin",
    journal = "GraphiCon’2012",
    month = "October",
    year = "2012",
    pages = "61--66"
 }

@article{Ravichandran,
   title = "Parallel Divide and Conquer Ray Tracing",
   author = "Srinath Ravichandran and P. J. Narayanan",
   journal = "SIGGRAPH Asia 2013",
   month = "November",
   year = "2013"
}

@article{moller,
  title = "Fast, Minimum Storage Ray/Triangle Intersection",
  author = "Tomas Möller and Ben Trumbore",
  year = "1997"
}

@article{Afra,
  title = "Stackless Multi-BVH Traversal for CPU, MIC and GPU Ray Tracing",
  author = "Attila T. Áfra and László Szirmay-Kalos",
  howpublished = {Computer Graphics Forum},
  volume = "33",
  pages = "129--140",
  month = "November",
  year = "2013"
}

@article{Widmer,
  title = "An Adaptive Acceleration Structure for Screen-space Ray Tracing",
  author = "S. Widmer and D. Pająk and A. Schulz and K. Pulli and J. Kautz and M. Goesele and D. Luebke", @Comment TODO: fix this second name
  month = aug,
  howpublished = {HPG '15 Proceedings of the 7th Conference on High-Performance Graphics},
  year = "2015",
  pages = "67--76"
}

@article{Kalojanov,
  title = "Two-Level Grids for Ray Tracing on GPUs",
  author = "Javor Kalojanov and Markus Billeter and Philipp Slusallek",
  howpublished = {EUROGRAPHICS 2011},
  volume = "30",
  pages = "307--314",
  month = "April",
  year = "2011"
}

@article{Wong,
  title = "GPU Ray Tracing Based on Reduced Bounding Volume Hierarchies",
  author = "Sai-Keung Wong and Yu-Chun Cheng and Shing-Yeu Lii",
  howpublished = {2012 Ninth International Conference on Computer Graphics, Imaging and Visualization}
  pages = "1--6"
  month = "July",
  year = "2012"
}

@book{akenine-moller:2008,
  author = "Tomas Akenine-Möller and Eric Haines and Naty Hoffman",
  title = "Real-Time rendering",
  year = 2008,
  publisher = "A K Peters, Ltd."
}